%%%%%%%%%%%
%%%Books%%%
%%%%%%%%%%%
@book{dey2022computational,
  title={Computational topology for data analysis},
  author={Dey, Tamal Krishna and Wang, Yusu},
  year={2022},
  publisher={Cambridge University Press}
}

@book{rabadan2019topological,
  title={Topological data analysis for genomics and evolution: topology in biology},
  author={Rabad{\'a}n, Ra{\'u}l and Blumberg, Andrew J},
  year={2019},
  publisher={Cambridge University Press}
}

@book{hatcher2002algebraic,
  title={Algebraic Topology},
  author={Hatcher, A.},
  isbn={9780521795401},
  lccn={00065166},
  series={Algebraic Topology},
  url={https://books.google.fr/books?id=BjKs86kosqgC},
  year={2002},
  publisher={Cambridge University Press}
}

%%%%%%%%%%%%%%
%%%Articles%%%
%%%%%%%%%%%%%%
@Article{gmsh,
  title = {Gmsh: a three-dimensional finite element mesh generator with built-in pre- and post-processing facilities.},
  author = {C. Geuzaine and J.-F. Remacle},
  year = {2009},
  journal = {International Journal for Numerical Methods in Engineering},
  volume = {79},
  issue = {11},
  pages = {1309-1331},
}

@Article{yu2017ggtree,
  title = {ggtree: an R package for visualization and annotation of phylogenetic trees with their covariates and other associated data.},
  author = {Guangchuang Yu and David Smith and Huachen Zhu and Yi Guan and Tommy Tsan-Yuk Lam},
  year = {2017},
  journal = {Methods in Ecology and Evolution},
  volume = {8},
  issue = {1},
  pages = {28-36},
  doi = {10.1111/2041-210X.12628},
  url = {http://onlinelibrary.wiley.com/doi/10.1111/2041-210X.12628/abstract},
}

@Article{Borsuk1948OnTI,
  title={On the imbedding of systems of compacta in simplicial complexes},
  author={Karol Borsuk},
  journal={Fundamenta Mathematicae},
  year={1948},
  volume={35},
  pages={217-234},
  url={https://api.semanticscholar.org/CorpusID:117842178}
}

@article{chazelle1993optimal,
  title={An optimal convex hull algorithm in any fixed dimension},
  author={Chazelle, Bernard},
  journal={Discrete \& Computational Geometry},
  volume={10},
  pages={377--409},
  year={1993},
  publisher={Springer}
}

@ARTICLE{2020SciPy-NMeth,
  author  = {Virtanen, Pauli and Gommers, Ralf and Oliphant, Travis E. and
            Haberland, Matt and Reddy, Tyler and Cournapeau, David and
            Burovski, Evgeni and Peterson, Pearu and Weckesser, Warren and
            Bright, Jonathan and {van der Walt}, St{\'e}fan J. and
            Brett, Matthew and Wilson, Joshua and Millman, K. Jarrod and
            Mayorov, Nikolay and Nelson, Andrew R. J. and Jones, Eric and
            Kern, Robert and Larson, Eric and Carey, C J and
            Polat, {\.I}lhan and Feng, Yu and Moore, Eric W. and
            {VanderPlas}, Jake and Laxalde, Denis and Perktold, Josef and
            Cimrman, Robert and Henriksen, Ian and Quintero, E. A. and
            Harris, Charles R. and Archibald, Anne M. and
            Ribeiro, Ant{\^o}nio H. and Pedregosa, Fabian and
            {van Mulbregt}, Paul and {SciPy 1.0 Contributors}},
  title   = {{{SciPy} 1.0: Fundamental Algorithms for Scientific
            Computing in Python}},
  journal = {Nature Methods},
  year    = {2020},
  volume  = {17},
  pages   = {261--272},
  adsurl  = {https://rdcu.be/b08Wh},
  doi     = {10.1038/s41592-019-0686-2},
}


@article{dey2013graphinducedcomplexpoint,
      title={Graph Induced Complex on Point Data},
      author={Tamal K. Dey and Fengtao Fan and Yusu Wang},
      year={2013},
      eprint={1304.0662},
      archivePrefix={arXiv},
      primaryClass={cs.CG},
      url={https://arxiv.org/abs/1304.0662},
}


%%%%%%%%
%%Web%%%
%%%%%%%%

@misc{smajhiVietorisx2013RipsComplex,
   author = "{Sushovan Majhi}",
   title = "Vietoris-Rips complex --- smajhi.com",
   year = "2024",
   howpublished = "\url{http://www.smajhi.com/tutorials/topology/rips.html}",
   note = "[Online; accessed 16-August-2024]"
}

@misc{saulnechComplex,
   author = "{Nathaniel Saul}",
   title = "ÄŒech Complex Playground --- sauln.github.io",
   year = "2024",
   howpublished = "\url{https://sauln.github.io/blog/nerve-playground/}",
   note = "[Online; accessed 16-August-2024]"
}

@misc{linbox,
   title = "LinBox: Exact computational linear algebra",
   year = "2024",
   howpublished = "\url{https://linalg.org/}",
   note = "[Online; accessed 25-January-2025]"
}

@misc{kenzo,
   author = "{J. R. Garcia, F. Siret, Y. Sergeaert}",
   title = "Kenzo - a Symbolic Software for Effective Homology Computation",
   year = "1999",
   howpublished = "\url{https://www-fourier.ujf-grenoble.fr/~sergerar/Kenzo/}",
   note = "[Online; accessed 25-January-2025]"
}

@misc{perseus,
   author = "{Vidit Nanda}",
   title = "Perseus, the Persistent Homology Software.",
   howpublished = "\url{http://www.sas.upenn.edu/~vnanda/perseus}",
   note = "[Online; accessed 25-January-2025]"
}
